<?xml version="1.0" encoding="UTF-8"?><collection xmlns="http://www.loc.gov/MARC21/slim"><record><leader>00342nam--2200133-i-4500</leader><controlfield tag="001">000049471</controlfield><controlfield tag="002">20161230</controlfield><controlfield tag="005">20161230201047</controlfield><controlfield tag="008">060222s1000------------r-----000-0-eng-d</controlfield><datafield ind1=" " ind2=" " tag="080"><subfield code="a">681.3</subfield></datafield><datafield ind1=" " ind2=" " tag="100"><subfield code="a">Aleksenko,A.G</subfield></datafield><datafield ind1=" " ind2=" " tag="245"><subfield code="a">Makromodelirovanie analogovyh integralnyh mikroshem</subfield></datafield><datafield ind1=" " ind2=" " tag="260"><subfield code="a">Moskva, Radio I Sviaz, 1983. 248 S</subfield></datafield><datafield ind1=" " ind2=" " tag="852"><subfield code="a">71950</subfield></datafield></record></collection>